<record><leader>00000cas a22000007a 4500</leader><controlfield tag="001">12306522</controlfield><controlfield tag="008">850725d18791952iauwr ne      0    0eng d</controlfield><datafield ind1=" " ind2=" " tag="010"><subfield code="a">sn 85050855 </subfield></datafield><datafield ind1=" " ind2=" " tag="040"><subfield code="a">INP</subfield><subfield code="b">eng</subfield><subfield code="c">INP</subfield><subfield code="d">OCLCQ</subfield></datafield><datafield ind1=" " ind2=" " tag="042"><subfield code="a">msc</subfield></datafield><datafield ind1="0" ind2="4" tag="245"><subfield code="a">The Oxford mirror.</subfield></datafield><datafield ind1=" " ind2=" " tag="260"><subfield code="a">Oxford Junction, Jones Co., Iowa :</subfield><subfield code="b">Geo. F. Crouch,</subfield><subfield code="c">1879-1952.</subfield></datafield><datafield ind1=" " ind2=" " tag="300"><subfield code="a">72 v. :</subfield><subfield code="b">ill. (chiefly advertisements)</subfield></datafield><datafield ind1=" " ind2=" " tag="310"><subfield code="a">Weekly</subfield></datafield><datafield ind1="0" ind2=" " tag="362"><subfield code="a">Vol. 1, no. 1 (Oct. 30, 1879)-72nd year, no. 31 (July 31, 1952).</subfield></datafield><datafield ind1=" " ind2=" " tag="500"><subfield code="a">Publisher varies.</subfield></datafield><datafield ind1=" " ind2=" " tag="500"><subfield code="a">"A paper that believes in 'community interests' and is willing to work for them."</subfield></datafield><datafield ind1=" " ind2=" " tag="500"><subfield code="a">Originally edited by: Geo. F. Crouch.</subfield></datafield><datafield ind1=" " ind2=" " tag="515"><subfield code="a">Vol. 1, no. 10 (Jan. 1, 1880) misdated 1879.</subfield></datafield><datafield ind1=" " ind2=" " tag="525"><subfield code="a">Each issue includes supplement: Lost Nation chronicle, &lt;Jan. 16-Dec. 14, 1916&gt;.</subfield></datafield><datafield ind1=" " ind2=" " tag="752"><subfield code="a">United States</subfield><subfield code="b">Iowa</subfield><subfield code="c">Jones</subfield><subfield code="d">Oxford Junction.</subfield></datafield><datafield ind1=" " ind2=" " tag="752"><subfield code="a">United States</subfield><subfield code="b">Iowa</subfield><subfield code="c">Clinton</subfield><subfield code="d">Lost Nation.</subfield></datafield><datafield ind1="0" ind2="4" tag="785"><subfield code="t">Anamosa journal</subfield><subfield code="w">(DLC)sn 84027025</subfield></datafield><datafield ind1="1" ind2=" " tag="787"><subfield code="t">Lost Nation chronicle</subfield></datafield><datafield ind1="1" ind2=" " tag="029"><subfield code="a">AU@</subfield><subfield code="b">000025788075</subfield></datafield></record>